Bibtext
@article{cleofasbrand,
  title={Brand or Clothing Function? Consumer Preference Analysis on Clothing Apparel Attributes and Design: A Conjoint Analysis Approach},
  author={Cleofas, Maria Arielle and Prasetyo, Yogi Tri and Ong, Ardvin Kester S and Persada, Satria Fadil}
}
@article{glinska2017customer,
  title={Customer Preferences Related to Shopping Online},
  author={Gli{\'n}ska, Ewa and Tomaszewska, Ewelina},
  journal={Annales Universitatis Mariae Curie-Sk{\l}odowska, sectio H--Oeconomia},
  volume={51},
  number={2},
  pages={87},
  year={2017}
}
@article{kod1customer,
  title={Customer preferences related to shopping online},
  author={Kod, JEL},
  journal={Chemistry},
  volume={1},
  pages={56}
}
@article{suzianti2015customer,
  title={Customer preference analysis on fashion online shops using the Kano model and conjoint analysis},
  author={Suzianti, Amalia and Faradilla, Nurza Dwi Prisca and Anjani, Shabila},
  journal={International Journal of Technology},
  volume={6},
  number={5},
  pages={881--885},
  year={2015},
  publisher={Faculty of Engineering Universitas Indonesia}
}
@article{delimarta2021customer,
  title={Customer Preferences on Sustainable Fashion Purchases: a Conceptual Model},
  author={Delimarta, Florencia Devina and Rahadi, Raden Aswin},
  journal={International Journal of Entrepreneurship and Management Practices},
  volume={4},
  number={13},
  pages={78--88},
  year={2021}
}
@article{sulianta2024revealing,
  title={Revealing Consumer Preferences in the Fashion Industry Using K-Means Clustering},
  author={Sulianta, Feri and Ulfah, Khaerani and Amalia, Endang},
  journal={International Journal of Engineering Continuity},
  volume={3},
  number={2},
  pages={34--53},
  year={2024}
}
@article{okofu2024pilot,
  title={Pilot Study on Consumer Preference, Intentions and Trust on Purchasing-Pattern for Online Virtual Shops},
  author={Okofu, Sebastina Nkechi and Anazia, Kizito Eluemunor and Akazue, Maureen Ifeanyi and Okpor, Margaret Dumebi and Oweimieto, Amanda Enadona and Asuai, Clive Ebomagune and Nwokolo, Geoffrey Augustine and Ojugo, Arnold Adimabua and Ojei, Emmanuel Obiajulu},
  journal={Int. J. Adv. Comput. Sci. Appl},
  volume={15},
  number={7},
  pages={804--811},
  year={2024}
}
@inproceedings{giri2019customer,
  title={Customer analytics in fashion retail industry},
  author={Giri, Chandadevi and Thomassey, Sebastien and Zeng, Xianyi},
  booktitle={Functional textiles and clothing},
  pages={349--361},
  year={2019},
  organization={Springer}
}
@article{levin2003product,
  title={Product category dependent consumer preferences for online and offline shopping features and their influence on multi-channel retail alliances.},
  author={Levin, Aron M and Levin, Irwin R and Heath, C Edward},
  journal={J. Electron. Commer. Res.},
  volume={4},
  number={3},
  pages={85--93},
  year={2003},
  publisher={Citeseer}
}
@article{wibowo2024exploring,
  title={Exploring Santoon's Customers' Preferences That Affect Their Purchase Decision For Buying Fashion Products},
  author={Wibowo, Amira Luthfiyya},
  journal={Journal of Consumer Studies and Applied Marketing},
  volume={2},
  number={2},
  pages={139--145},
  year={2024}
}
@misc{statista2023global,
  author       = {Statista},
  title        = {Global online fashion market value from 2017 to 2027},
  year         = {2023},
  url          = {https://www.statista.com/statistics/228706/global-online-fashion-market-value/},
  note         = {Accessed: 2024-11-24}
}
@misc{kaggle_customer_shopping,
  author = {bhadramohit},
  title = {Customer Shopping Latest Trends Dataset},
  year = {2024},
  howpublished = {\url{https://www.kaggle.com/datasets/bhadramohit/customer-shopping-latest-trends-dataset}},
  note = {Accessed: 2024-12-01}
}
